@article{Shea2014,
  author =        {Shea, Nicholas and Boldt, Annika},
  journal =       {Trends in Cognitive Sciences},
  pages =         {186--193},
  title =         {{Supra-personal cognitive control}},
  volume =        {18},
  year =          {2014},
  doi =           {10.1016/j.tics.2014.01.006},
}
@Manual{R-base,
  title = {R: A Language and Environment for Statistical
           Computing},
  author = {{R Core Team}},
  organization = {R Foundation for Statistical Computing},
  address = {Vienna, Austria},
  year = {2019},
  url = {https://www.R-project.org},
}
@article{yu2011much,
  title={How much do study habits, skills, and attitudes affect student performance in introductory college accounting courses?},
  author={Yu, Darwin D},
  year={2011}
}
@article{borg1989case,
  title={The case of effort variables in student performance},
  author={Borg, Mary O and Mason, Paul M and Shapiro, Stephen L},
  journal={The Journal of Economic Education},
  volume={20},
  number={3},
  pages={308--313},
  year={1989},
  publisher={Taylor \& Francis}
}